<?xml version="1.0" encoding="UTF-8"?><collection xmlns="http://www.loc.gov/MARC21/slim"><record><leader>00540nam--2200193-i-4500</leader><controlfield tag="001">000021080</controlfield><controlfield tag="002">20161230</controlfield><controlfield tag="005">20161230201034</controlfield><controlfield tag="008">060222s1000------------r-----000-0-ger-d</controlfield><datafield ind1=" " ind2=" " tag="040"><subfield code="a">IFIN-HH</subfield></datafield><datafield ind1=" " ind2=" " tag="041"><subfield code="a">ger</subfield></datafield><datafield ind1=" " ind2=" " tag="080"><subfield code="a">536</subfield></datafield><datafield ind1="1" ind2="0" tag="100"><subfield code="a">Hausen, Helmuth</subfield></datafield><datafield ind1="1" ind2="0" tag="245"><subfield code="a">Warmeubertragung im gegenstrom, gleichstrom und kreuzstrom</subfield><subfield code="c">Helmith hausen</subfield></datafield><datafield ind1=" " ind2=" " tag="260"><subfield code="a">Berlin</subfield><subfield code="b">Springer-verlag</subfield><subfield code="c">1950</subfield></datafield><datafield ind1=" " ind2=" " tag="300"><subfield code="a">XII + 464 P</subfield></datafield><datafield ind1=" " ind2=" " tag="490"><subfield code="a">Technische Physik In Einzeldarstellungen</subfield><subfield code="v">Vol. 8</subfield></datafield><datafield ind1=" " ind2=" " tag="852"><subfield code="a">10235</subfield><subfield code="c">536</subfield></datafield><datafield ind1=" " ind2=" " tag="CAT"><subfield code="a">Sys</subfield><subfield code="c">20110503</subfield><subfield code="h">090952</subfield></datafield></record></collection>